<record><leader>00000cas a22000007a 4500</leader><controlfield tag="001">13485500</controlfield><controlfield tag="008">860423d18921899paudn ne      0    0eng d</controlfield><datafield ind1=" " ind2=" " tag="010"><subfield code="a">sn 86081727 </subfield></datafield><datafield ind1=" " ind2=" " tag="040"><subfield code="a">NPH</subfield><subfield code="b">eng</subfield><subfield code="c">NPH</subfield><subfield code="d">OCLCQ</subfield></datafield><datafield ind1=" " ind2=" " tag="042"><subfield code="a">msc</subfield></datafield><datafield ind1="0" ind2=" " tag="130"><subfield code="a">Daily miners' journal (Pottsville, Pa. : 1892)</subfield></datafield><datafield ind1="1" ind2="4" tag="245"><subfield code="a">The daily miners' journal.</subfield></datafield><datafield ind1="3" ind2="0" tag="246"><subfield code="a">Miners' journal</subfield></datafield><datafield ind1="1" ind2="7" tag="246"><subfield code="a">Journal</subfield><subfield code="f">&lt;1893-1895&gt;</subfield></datafield><datafield ind1="1" ind2="7" tag="246"><subfield code="a">Pottsville miners' journal</subfield><subfield code="f">&lt;1896-1897&gt;</subfield></datafield><datafield ind1=" " ind2=" " tag="260"><subfield code="a">Pottsville, Pa. :</subfield><subfield code="b">Miners' Journal Pub. Co.,</subfield><subfield code="c">1892-1899.</subfield></datafield><datafield ind1=" " ind2=" " tag="300"><subfield code="a">v. :</subfield><subfield code="b">ill. (chiefly advertisements)</subfield></datafield><datafield ind1=" " ind2=" " tag="310"><subfield code="a">Daily (except Sun.)</subfield></datafield><datafield ind1="0" ind2=" " tag="362"><subfield code="a">Vol. 35, no. 160 (Dec. 16, 1892)-v. 43, no. 192 (Aug. 12, 1899).</subfield></datafield><datafield ind1=" " ind2=" " tag="752"><subfield code="a">United States</subfield><subfield code="b">Pennsylvania</subfield><subfield code="c">Schuylkill</subfield><subfield code="d">Pottsville.</subfield></datafield><datafield ind1="0" ind2=" " tag="775"><subfield code="t">Weekly miners' journal</subfield><subfield code="w">(DLC)sn 86077131</subfield></datafield><datafield ind1="0" ind2="0" tag="780"><subfield code="t">Miners' journal (Pottsville, Pa. : 1889 : Daily)</subfield><subfield code="w">(DLC)sn 86081726</subfield><subfield code="w">(OCoLC)13485465</subfield></datafield><datafield ind1="0" ind2="0" tag="785"><subfield code="t">Miners' journal (Pottsville, Pa. : 1899 : Daily)</subfield><subfield code="w">(DLC)sn 86081728</subfield><subfield code="w">(OCoLC)13495557</subfield></datafield></record>